<?xml version="1.0" encoding="UTF-8"?><collection xmlns="http://www.loc.gov/MARC21/slim"><record><leader>00492nam--2200181-u-4500</leader><controlfield tag="001">000051434</controlfield><controlfield tag="002">20161230</controlfield><controlfield tag="005">20161230201049</controlfield><controlfield tag="008">080715s1000------------r-----000-0-eng-d</controlfield><datafield ind1=" " ind2=" " tag="040"><subfield code="a">IFIN-HH</subfield></datafield><datafield ind1=" " ind2=" " tag="080"><subfield code="a">510.6</subfield></datafield><datafield ind1="1" ind2=" " tag="100"><subfield code="a">Orevkova,V.P.(red.)</subfield></datafield><datafield ind1="1" ind2="0" tag="245"><subfield code="a">Teoriya Dokazatelstv i Konstruktivnaya Matematika</subfield></datafield><datafield ind1=" " ind2=" " tag="260"><subfield code="a">Moskva</subfield><subfield code="b">Nauka</subfield><subfield code="c">1983</subfield></datafield><datafield ind1=" " ind2=" " tag="300"><subfield code="a">388 p</subfield></datafield><datafield ind1=" " ind2=" " tag="490"><subfield code="a">Spavochnaya Kniga po Matematicheskoi Logike</subfield><subfield code="v">Chast 4</subfield></datafield><datafield ind1=" " ind2=" " tag="852"><subfield code="a">71653</subfield><subfield code="c">517.11</subfield></datafield><datafield ind1=" " ind2=" " tag="CAT"><subfield code="a">Sys</subfield><subfield code="c">20080715</subfield><subfield code="h">140415</subfield></datafield></record></collection>